@misc{mcbride,
  title={Ornamental algebras, algebraic ornaments},
  author={McBride, Conor},
  url={http://plv.mpi-sws.org/plerg/papers/mcbride-ornaments-2up.pdf},
  year={2011},
  accessed={February 6th, 2019}
}

@article{dagand2014transporting,
  title={Transporting functions across ornaments},
  author={Dagand, Pierre-Evariste and McBride, Conor},
  journal={Journal of functional programming},
  volume={24},
  number={2-3},
  pages={316--383},
  year={2014},
  publisher={Cambridge University Press}
}

@article{ko2016programming,
  title={Programming with ornaments},
  author={Ko, Hsiang-Shang and Gibbons, Jeremy},
  journal={Journal of Functional Programming},
  volume={27},
  year={2016},
  publisher={Cambridge University Press}
}

@inproceedings{Dagand:2013:CTO:2591370.2591396,
 author = {Dagand, Pierre-Evariste and McBride, Conor},
 title = {A Categorical Treatment of Ornaments},
 booktitle = {Proceedings of the 2013 28th Annual ACM/IEEE Symposium on Logic in Computer Science},
 series = {LICS '13},
 year = {2013},
 isbn = {978-0-7695-5020-6},
 pages = {530--539},
 numpages = {10},
 doi = {10.1109/LICS.2013.60},
 acmid = {2591396},
 publisher = {IEEE Computer Society},
 address = {Washington, DC, USA},
 keywords = {Type theory, category theory, inductive families},
}

@article{Williams2017,
 author = {Williams, Thomas and R{\'e}my, Didier},
 title = {A Principled Approach to Ornamentation in {ML}},
 journal = {Proc. ACM Program. Lang.},
 issue_date = {January 2018},
 volume = {2},
 number = {POPL},
 month = dec,
 year = {2017},
 issn = {2475-1421},
 pages = {21:1--21:30},
 articleno = {21},
 numpages = {30},
 doi = {10.1145/3158109},
 acmid = {3158109},
 publisher = {ACM},
 address = {New York, NY, USA},
 keywords = {Dependent Types, Logical Relations, ML, Ornaments, Refactoring},
}

@article{DBLP:journals/corr/abs-1803-08150,
  author    = {Larry Diehl and
               Denis Firsov and
               Aaron Stump},
  title     = {Generic Zero-Cost Reuse for Dependent Types},
  journal   = {CoRR},
  volume    = {abs/1803.08150},
  year      = {2018},
  url       = {http://arxiv.org/abs/1803.08150},
  archivePrefix = {arXiv},
  eprint    = {1803.08150},
  timestamp = {Wed, 11 Apr 2018 11:12:46 +0200},
  biburl    = {https://dblp.org/rec/bib/journals/corr/abs-1803-08150},
  bibsource = {dblp computer science bibliography, https://dblp.org}
}

@inproceedings{cohen:hal-01414881,
  TITLE = {{A refinement-based approach to large scale reflection for algebra}},
  AUTHOR = {Cohen, Cyril and Rouhling, Damien},
  URL = {https://hal.inria.fr/hal-01414881},
  BOOKTITLE = {{JFLA 2017 - Vingt-huiti{\`e}me Journ{\'e}es Francophones des Langages Applicatifs}},
  ADDRESS = {Gourette, France},
  YEAR = {2017},
  MONTH = Jan,
  PDF = {https://hal.inria.fr/hal-01414881/file/cyrilcohen.pdf},
  HAL_ID = {hal-01414881},
  HAL_VERSION = {v1},
}

@misc{univalentparametricity,
  title={Univalent Parametricity: Proof of isequiv_adjointify in HoTT.v},
  howpublished = "\url{https://github.com/CoqHott/univalent_parametricity/blob/master/theories/HoTT.v}",
  author={Tabareau, Nicolas and Tanter, {\'E}ric and Sozeau, Matthieu},
  year={2018}
}

@inproceedings{sozeau:equations,
  author={Sozeau, Matthieu},
  editor={Kaufmann, Matt and Paulson, Lawrence C.},
  title={Equations: A Dependent Pattern-Matching Compiler},
  booktitle={Interactive Theorem Proving},
  year={2010},
  publisher={Springer Berlin Heidelberg},
  address={Berlin, Heidelberg},
  pages={419--434},
  isbn={978-3-642-14052-5}
}

@misc{gross,
  title={Coq {Github} issue \#6609: Primitive projections should be on by default},
  howpublished = "\url{https://github.com/coq/coq/issues/6609}",
  author={Gross, Jason},
  year={2018}
}

@misc{hstocoqv,
  title = {hs-to-coq},
  howpublished = "\url{https://github.com/antalsz/hs-to-coq}",
  author = {Spector-Zabusky, Antal and Breitner, Joachim and Rizkallah, Christine and Weirich, Stephanie},
  year = {2018-2019},
  note = {Accessed: 2019-03-12}
}

@misc{stdlib,
  title={The {Coq} Standard Library},
  howpublished = "\url{http://coq.inria.fr/distrib/current/stdlib}",
  author={Inria},
  note = {Accessed: 2019-03-15}
}

@misc{emiliodom,
  title = {{[Coq-Club] Dealing with equalities in dependent types}},
  howpublished = "\url{http://sympa.inria.fr/sympa/arc/coq-club/2017-01/msg00099.html}",
  note = {Accessed: 2019-03-25},
  year = {2017},
  author = {{coq-club}}
}

@misc{adamchlipala,
  title = {{[Coq-Club] Trouble with dependent induction}},
  howpublished = "\url{http://sympa.inria.fr/sympa/arc/coq-club/2017-12/msg00079.html}",
  note = {Accessed: 2019-03-25},
  year = {2017},
  author = {{coq-club}}
}

@inproceedings{ringer2018adapting,
  title={Adapting proof automation to adapt proofs},
  author={Ringer, Talia and Yazdani, Nathaniel and Leo, John and Grossman, Dan},
  booktitle={Proceedings of the 7th ACM SIGPLAN International Conference on Certified Programs and Proofs},
  pages={115--129},
  year={2018},
  organization={ACM}
}

@inproceedings{Timany2015FirstST,
  title={First Steps Towards Cumulative Inductive Types in {CIC}},
  author={Amin Timany and Bart Jacobs},
  booktitle={ICTAC},
  year={2015}
}

@article{tabareau2017equivalences,
 author = {Tabareau, Nicolas and Tanter, \'{E}ric and Sozeau, Matthieu},
 title = {Equivalences for Free: Univalent Parametricity for Effective Transport},
 journal = {Proc. ACM Program. Lang.},
 issue_date = {September 2018},
 volume = {2},
 number = {ICFP},
 month = jul,
 year = {2018},
 issn = {2475-1421},
 pages = {92:1--92:29},
 articleno = {92},
 numpages = {29},
 url = {http://doi.acm.org/10.1145/3236787},
 doi = {10.1145/3236787},
 acmid = {3236787},
 publisher = {ACM},
 address = {New York, NY, USA},
 keywords = {Coq, Homotopy Type Theory, Parametricity, Type Equivalence},
} 

@misc{jaspertransfter,
  title={Transfer Indexed Parameter},
  author={Jasper Hugunin},
  year={2018},
  url={https://github.com/jashug/MiscTypeTheory/blob/master/Transfer_Indexed_Parameter.v}
}

@article{dagand2017essence,
  title={The essence of ornaments},
  author={Dagand, Pierre-{\'E}variste},
  journal={Journal of Functional Programming},
  volume={27},
  year={2017},
  publisher={Cambridge University Press}
}

@inproceedings{ko2013relational,
  title={Relational algebraic ornaments},
  author={Ko, Hsiang-Shang and Gibbons, Jeremy},
  booktitle={Proceedings of the 2013 ACM SIGPLAN workshop on Dependently-typed programming},
  pages={37--48},
  year={2013},
  organization={ACM}
}

@inproceedings{magaud2000changing,
  title={Changing data structures in type theory: A study of natural numbers},
  author={Magaud, Nicolas and Bertot, Yves},
  booktitle={International Workshop on Types for Proofs and Programs},
  pages={181--196},
  year={2000},
  organization={Springer}
}

@inproceedings{barthe2001type,
  title={Type isomorphisms and proof reuse in dependent type theory},
  author={Barthe, Gilles and Pons, Olivier},
  booktitle={International Conference on Foundations of Software Science and Computation Structures},
  pages={57--71},
  year={2001},
  organization={Springer}
}

@inproceedings{magaud2003changing,
  title={Changing data representation within the {Coq} system},
  author={Magaud, Nicolas},
  booktitle={International Conference on Theorem Proving in Higher Order Logics},
  pages={87--102},
  year={2003},
  organization={Springer}
}

@article{zimmermann2015automatic,
  title={Automatic and transparent transfer of theorems along isomorphisms in the {Coq} proof assistant},
  author={Zimmermann, Theo and Herbelin, Hugo},
  journal={arXiv preprint arXiv:1505.05028},
  year={2015}
}

@inproceedings{huffman2013lifting,
  title={Lifting and {Transfer}: A modular design for quotients in {Isabelle/HOL}},
  author={Huffman, Brian and Kun{\v{c}}ar, Ond{\v{r}}ej},
  booktitle={International Conference on Certified Programs and Proofs},
  pages={131--146},
  year={2013},
  organization={Springer}
}

@book{univalent2013homotopy,
  author =    {The {Univalent Foundations Program}},
  title =     {Homotopy Type Theory: Univalent Foundations of Mathematics},
  publisher = {\url{https://homotopytypetheory.org/book}},
  address =   {Institute for Advanced Study},
  year =      {2013}
}

@article{cohen2016cubical,
  title={Cubical type theory: a constructive interpretation of the univalence axiom},
  author={Cohen, Cyril and Coquand, Thierry and Huber, Simon and M{\"o}rtberg, Anders},
  journal={arXiv preprint arXiv:1611.02108},
  year={2016}
}

@inproceedings{felty1994generalization,
  title={Generalization and reuse of tactic proofs},
  author={Felty, Amy and Howe, Douglas},
  booktitle={International Conference on Logic for Programming Artificial Intelligence and Reasoning},
  pages={1--15},
  year={1994},
  organization={Springer}
}

@inproceedings{Reynolds1983TypesAA,
  title={Types, Abstraction and Parametric Polymorphism},
  author={John C. Reynolds},
  booktitle={IFIP Congress},
  year={1983}
}

@article{bernardy2012proofs,
author = {Bernardy, Jean-Philippe and Jansson, Patrik and Paterson, Ross},
year = {2012},
month = {03},
pages = {107-152},
title = {Proofs for free: Parametricity for dependent types},
volume = {22},
journal = {Journal of Functional Programming},
doi = {10.1017/S0956796812000056}
}

@inproceedings{caplan1995logical,
  title={A logical framework for software proof reuse},
  author={Caplan, Joshua E. and Harandi, Mehdi T.},
  booktitle={ACM SIGSOFT Software Engineering Notes},
  volume={20},
  number={SI},
  pages={106--113},
  year={1995},
  organization={ACM}
}

@inproceedings{aydemir2005mechanized,
  title={Mechanized metatheory for the masses: the PoplMark challenge},
  author={Aydemir, Brian E and Bohannon, Aaron and Fairbairn, Matthew and Foster, J Nathan and Pierce, Benjamin C and Sewell, Peter and Vytiniotis, Dimitrios and Washburn, Geoffrey and Weirich, Stephanie and Zdancewic, Steve},
  booktitle={International Conference on Theorem Proving in Higher Order Logics},
  pages={50--65},
  year={2005},
  organization={Springer}
}

@inproceedings{Delaware:2013:MLC:2429069.2429094,
 author = {Delaware, Benjamin and d. S. Oliveira, Bruno C. and Schrijvers, Tom},
 title = {Meta-theory \`{a} La Carte},
 booktitle = {Proceedings of the 40th Annual ACM SIGPLAN-SIGACT Symposium on Principles of Programming Languages},
 series = {POPL '13},
 year = {2013},
 isbn = {978-1-4503-1832-7},
 location = {Rome, Italy},
 pages = {207--218},
 numpages = {12},
 doi = {10.1145/2429069.2429094},
 acmid = {2429094},
 publisher = {ACM},
 address = {New York, NY, USA},
 keywords = {coq, extensible church encodings, modular mechanized meta-theory},
}

@inproceedings{Delaware:2011:PLT:2048066.2048113,
 author = {Delaware, Benjamin and Cook, William and Batory, Don},
 title = {Product Lines of Theorems},
 booktitle = {Proceedings of the 2011 ACM International Conference on Object Oriented Programming Systems Languages and Applications},
 series = {OOPSLA '11},
 year = {2011},
 isbn = {978-1-4503-0940-0},
 location = {Portland, Oregon, USA},
 pages = {595--608},
 numpages = {14},
 doi = {10.1145/2048066.2048113},
 acmid = {2048113},
 publisher = {ACM},
 address = {New York, NY, USA},
 keywords = {feature-orientation, mechanized metatheory, product line verification},
} 

@inproceedings{johnsen2004theorem,
  title={Theorem reuse by proof term transformation},
  author={Johnsen, Einar Broch and L{\"u}th, Christoph},
  booktitle={International Conference on Theorem Proving in Higher Order Logics},
  pages={152--167},
  year={2004},
  organization={Springer}
}

@inproceedings{pons2000generalization,
  title={Generalization in type theory based proof assistants},
  author={Pons, Olivier},
  booktitle={International Workshop on Types for Proofs and Programs},
  pages={217--232},
  year={2000},
  organization={Springer}
}

@inproceedings{McDonell:2016:GTS:2951913.2951914,
 author = {McDonell, Trevor L. and Zakian, Timothy A. K. and Cimini, Matteo and Newton, Ryan R.},
 title = {Ghostbuster: A Tool for Simplifying and Converting {GADTs}},
 booktitle = {Proceedings of the 21st ACM SIGPLAN International Conference on Functional Programming},
 series = {ICFP 2016},
 year = {2016},
 isbn = {978-1-4503-4219-3},
 location = {Nara, Japan},
 pages = {338--350},
 numpages = {13},
 doi = {10.1145/2951913.2951914},
 acmid = {2951914},
 publisher = {ACM},
 address = {New York, NY, USA},
 keywords = {Datatypes, GADTs, Haskell},
}

@article{miltner2017synthesizing,
  title={Synthesizing bijective lenses},
  author={Miltner, Anders and Fisher, Kathleen and Pierce, Benjamin C and Walker, David and Zdancewic, Steve},
  journal={Proceedings of the ACM on Programming Languages},
  volume={2},
  number={POPL},
  pages={1},
  year={2017},
  publisher={ACM}
}

@inproceedings{Chapman:2010:GAL:1863543.1863547,
 author = {Chapman, James and Dagand, Pierre-\'{E}variste and McBride, Conor and Morris, Peter},
 title = {The Gentle Art of Levitation},
 booktitle = {Proceedings of the 15th ACM SIGPLAN International Conference on Functional Programming},
 series = {ICFP '10},
 year = {2010},
 isbn = {978-1-60558-794-3},
 location = {Baltimore, Maryland, USA},
 pages = {3--14},
 numpages = {12},
 doi = {10.1145/1863543.1863547},
 acmid = {1863547},
 publisher = {ACM},
 address = {New York, NY, USA},
 keywords = {data structure, metaprogramming, monads, proof assistants, type systems},
}

@phdthesis{boutillier:tel-01054723,
  TITLE = {{New tool to compute with inductive in Coq}},
  AUTHOR = {Boutillier, Pierre},
  URL = {https://tel.archives-ouvertes.fr/tel-01054723},
  SCHOOL = {{Universit{\'e} Paris-Diderot - Paris VII}},
  YEAR = {2014},
  MONTH = Feb,
  KEYWORDS = {Coq (software) ; Proof assistant ; Induction (logic) ; Pattern-matching ; Coq (logiciel) ; Assistants de preuve ; Langages de programmation -- S{\'e}mantique ; Induction (logique) ; filtrage},
  TYPE = {Theses},
  PDF = {https://tel.archives-ouvertes.fr/tel-01054723/file/these_boutillier.pdf},
  HAL_ID = {tel-01054723},
  HAL_VERSION = {v1},
}


