@article{PGL-045,
url = {http://dx.doi.org/10.1561/2500000045},
year = {2019},
volume = {5},
journal = {Foundations and TrendsÂ® in Programming Languages},
title = {QED at Large: A Survey of Engineering of Formally Verified Software},
doi = {10.1561/2500000045},
issn = {2325-1107},
number = {2-3},
pages = {102-281},
author = {Talia Ringer and Karl Palmskog and Ilya Sergey and Milos Gligoric and Zachary Tatlock}
}

@inproceedings{Gauthier2017b,
  author    = {Thibault Gauthier and Cezary Kaliszyk and Josef Urban},
  title     = {{TacticToe}: Learning to Reason with {HOL4} Tactics},
  booktitle = {LPAR-21. 21st International Conference on Logic for Programming, Artificial Intelligence and Reasoning},
  SKIPeditor    = {Thomas Eiter and David Sands},
  series    = {EPiC Series in Computing},
  volume    = {46},
  pages     = {125--143},
  year      = {2017},
  publisher = {EasyChair},
  bibsource = {EasyChair, https://easychair.org},
  issn      = {2398-7340},
  SKIPurl       = {https://easychair.org/publications/paper/WsM},
  doi       = {10.29007/ntlb}
}

@inproceedings{Yang2019,
 title = {Learning to Prove Theorems via Interacting with Proof Assistants},
 author = {Kaiyu Yang and Jia Deng},
 booktitle = {International Conference on Machine Learning},
 year = {2019},
}

@inproceedings{Woos2016,
 author = {Woos, Doug and Wilcox, James R. and Anton, Steve and Tatlock, Zachary and Ernst, Michael D. and Anderson, Thomas},
 title = {Planning for Change in a Formal Verification of the {Raft} Consensus Protocol},
 booktitle = {Proceedings of the 5th ACM SIGPLAN Conference on Certified Programs and Proofs},
 series = {CPP 2016},
 year = {2016},
 isbn = {978-1-4503-4127-1},
 location = {St. Petersburg, FL, USA},
 pages = {154--165},
 numpages = {12},
 SKIPurl = {http://doi.acm.org/10.1145/2854065.2854081},
 doi = {10.1145/2854065.2854081},
 publisher = {ACM},
 address = {New York, NY, USA},
 keywords = {case-study, proof-organization, proof-development},
}

@article{Klein2014micro,
 author = {Klein, Gerwin and Andronick, June and Elphinstone, Kevin and Murray, Toby and Sewell, Thomas and Kolanski, Rafal and Heiser, Gernot},
 title = {Comprehensive Formal Verification of an {OS} Microkernel},
 journal = {ACM Trans. Comput. Syst.},
 issue_date = {February 2014},
 volume = {32},
 number = {1},
 month = feb,
 year = {2014},
 issn = {0734-2071},
 pages = {2:1--2:70},
 articleno = {2},
 numpages = {70},
 SKIPurl = {http://doi.acm.org/10.1145/2560537},
 doi = {10.1145/2560537},
 acmid = {2560537},
 publisher = {ACM},
 address = {New York, NY, USA},
 keywords = {case-study, proof-organization, proof-development},
}

@misc{idris-repl,
  title={The Idris REPL},
  url={http://docs.idris-lang.org/en/latest/reference/repl.html},
  year={2017},
  author={{The Idris Community}},
  accessed={October 14th, 2019}
}

@misc{proof-diff,
  title={Pull Request: Highlight differences between successive proof steps (color, underline, etc.)},
  url={http://github.com/coq/coq/pull/6801},
  year={2018},
  author={Fehrle, Jim},
  accessed={October 16th, 2019}
}

@misc{coq-commands,
  title={The Coq Commands},
  url={http://coq.inria.fr/refman/practical-tools/coq-commands.html},
  year={1999-2018},
  author={{Coq Development Team}},
  accessed={October 14th, 2019}
}

@misc{coqide,
  title={Coq Integrated Development Environment},
  url={http://coq.inria.fr/refman/practical-tools/coqide.html},
  year={1999-2018},
  author={{Coq Development Team}},
  accessed={October 14th, 2019}
}

@Inproceedings{Aspinall2000,
author="Aspinall, David",
SKIPeditor="Graf, Susanne
and Schwartzbach, Michael",
title="{Proof General}: A Generic Tool for Proof Development",
bookTitle="Tools and Algorithms for the Construction and Analysis of Systems: 6th International Conference, TACAS 2000 Held as Part of the Joint European Conferences on Theory and Practice of Software, ETAPS 2000 Berlin, Germany, March 25 -- April 2, 2000 Proceedings",
year="2000",
publisher="Springer",
address="Berlin, Heidelberg",
pages="38--43",
isbn="978-3-540-46419-8",
doi="10.1007/3-540-46419-0_3",
SKIPurl="http://dx.doi.org/10.1007/3-540-46419-0_3",
keywords = {proof-development},
}

@Inproceedings{Boite2004,
author="Boite, Olivier",
editor="Slind, Konrad
and Bunker, Annette
and Gopalakrishnan, Ganesh",
title="Proof Reuse with Extended Inductive Types",
bookTitle="Theorem Proving in Higher Order Logics: 17th International Conference, TPHOLs 2004, Park City, Utah, USA, September 14-17, 2004. Proceedings",
year="2004",
publisher="Springer Berlin Heidelberg",
address="Berlin, Heidelberg",
pages="50--65",
isbn="978-3-540-30142-4",
doi="10.1007/978-3-540-30142-4_4",
url="http://dx.doi.org/10.1007/978-3-540-30142-4_4",
keywords = {proof-organization, proof-development}
}

@INPROCEEDINGS{Mulhern06proofweaving,
    author = {Anne Mulhern},
    title = {Proof Weaving},
    booktitle = {In Proceedings of the First Informal ACM SIGPLAN Workshop on Mechanizing Metatheory},
    year = {2006},
    keywords = {proof-organization, proof-development}
}

@phdthesis{robert2018,
  title={Front-end tooling for building and maintaining dependently-typed functional programs},
  author={Robert, Valentin},
  year={2018},
  school={UC San Diego}
}

@mastersthesis{wibergh2019,
  title={Automatic refactoring for Agda},
  author={Wibergh, Karin},
  year={2019},
  school={Chalmers University of Technology and University of Gothenburg},
  keywords={proof-development}
}

@phdthesis{WhitesidePhD,
  author = {Whiteside, Iain Johnston},
  title = {Refactoring proofs},
  school = {University of Edinburgh},
  year = 2013,
  month = {November},
  url = {http://hdl.handle.net/1842/7970},
}

@InProceedings{Dietrich2013,
author="Dietrich, Dominik
and Whiteside, Iain
and Aspinall, David",
SKIPeditor="McMillan, Ken
and Middeldorp, Aart
and Voronkov, Andrei",
title="Polar: A Framework for Proof Refactoring",
booktitle="Logic for Programming, Artificial Intelligence, and Reasoning",
year="2013",
publisher="Springer",
address="Berlin, Heidelberg",
pages="776--791",
isbn="978-3-642-45221-5",
doi="10.1007/978-3-642-45221-5_52",
keywords = {proof-development},
}

@InProceedings{adams2015,
author="Adams, Mark",
editor="Bianculli, Domenico
and Calinescu, Radu
and Rumpe, Bernhard",
title="Refactoring Proofs with Tactician",
booktitle="Software Engineering and Formal Methods",
year="2015",
publisher="Springer Berlin Heidelberg",
address="Berlin, Heidelberg",
pages="53--67",
isbn="978-3-662-49224-6",
doi="10.1007/978-3-662-49224-6_6",
keywords={proof-development}
}

@misc{coq,
  title={The {Coq} Proof Assistant},
  url={http://coq.inria.fr},
  year={1989-2019},
  author={{Coq Development Team}},
  accessed={October 8th, 2019}
}

@misc{coqrc,
  title={The {Coq} Commands: Customization at launch time},
  url={http://coq.inria.fr/refman/practical-tools/coq-commands.html#customization-at-launch-time},
  year={1989-2018},
  author={{Coq Development Team}},
  accessed={October 8th, 2019}
}

@Article{Blanchette2016b,
author="Blanchette, Jasmin Christian
and Greenaway, David
and Kaliszyk, Cezary
and K{\"u}hlwein, Daniel
and Urban, Josef",
title="A Learning-Based Fact Selector for {Isabelle/HOL}",
journal="Journal of Automated Reasoning",
year="2016",
month="Oct",
day="01",
volume="57",
number="3",
pages="219--244",
issn="1573-0670",
doi="10.1007/s10817-016-9362-8",
SKIPurl="https://doi.org/10.1007/s10817-016-9362-8"
}

@article{DBLP:journals/corr/SelsamM17,
  author    = {Daniel Selsam and
               Leonardo de Moura},
  title     = {Congruence Closure in Intensional Type Theory},
  journal   = {CoRR},
  volume    = {abs/1701.04391},
  year      = {2017},
  SKIPurl       = {http://arxiv.org/abs/1701.04391},
  eprint    = {1701.04391},
  archivePrefix = {arXiv},
  timestamp = {Wed, 01 Feb 2017 17:47:56 +0100},
  biburl    = {http://dblp.uni-trier.de/rec/bib/journals/corr/SelsamM17},
  bibsource = {dblp computer science bibliography, http://dblp.org},
  keywords = {proof-organization, foundations},
}

@misc{hol4-interact,
  title={Guide to HOL4 interaction and basic proofs},
  url={http://hol-theorem-prover.org/HOL-interaction.pdf},
  year={2008-2018},
  author={Myreen, Magnus O.},
  accessed={February 6th, 2019}
}

@misc{hol-interact,
  title={Running hol},
  url={https://hol-theorem-prover.org/guidebook/#running-hol},
  year={2016-2018},
  author={{HOL Development Team}},
  accessed={February 7th, 2019}
}

@inproceedings{Ringer2018,
 author = {Ringer, Talia and Yazdani, Nathaniel and Leo, John and Grossman, Dan},
 title = {Adapting Proof Automation to Adapt Proofs},
 booktitle = {Proceedings of the 7th ACM SIGPLAN International Conference on Certified Programs and Proofs},
 series = {CPP 2018},
 year = {2018},
 isbn = {978-1-4503-5586-5},
 location = {Los Angeles, CA, USA},
 pages = {115--129},
 numpages = {15},
 SKIPurl = {http://doi.acm.org/10.1145/3167094},
 doi = {10.1145/3167094},
 publisher = {ACM},
 address = {New York, NY, USA},
}

@INPROCEEDINGS{murraybp,
  author={Murray, Toby and van Oorschot, P. C.},
  booktitle={IEEE Cybersecurity Development (SecDev)},
  title={{BP}: Formal Proofs, the Fine Print and Side Effects},
  year={2018},
  pages={1--10},
  doi={10.1109/SecDev.2018.00009},
  month={Sep.},
}

@misc{FRAPBook,
  title = {Formal Reasoning About Programs},
  author = {Adam Chlipala},
  url = {http://adam.chlipala.net/frap/},
  year = {2017},
}

@techreport{GallegoArias2016SerAPI,
  title = {{SerAPI: Machine-Friendly, Data-Centric Serialization for Coq}},
  author = {Gallego Arias, Emilio Jes{\'u}s},
  url = {https://hal-mines-paristech.archives-ouvertes.fr/hal-01384408},
  institution = {MINES ParisTech},
  year = {2016},
  month = Oct,
}

@article{MusluBEN2015,
   author = {K{\i}van{\c{c}} Mu{\c{s}}lu and Yuriy Brun and Michael D.
	Ernst and David Notkin},
   title = {Reducing feedback delay of software development tools via
	continuous analysis},
   journal = {IEEE Transactions on Software Engineering},
   volume = {41},
   number = {8},
   pages = {745--763},
   month = aug,
   year = {2015}
}

@InProceedings{Wenzel2012,
  author="Wenzel, Makarius",
  SKIPeditor="Jeuring, Johan
  and Campbell, John A.
  and Carette, Jacques
  and Dos Reis, Gabriel
  and Sojka, Petr
  and Wenzel, Makarius
  and Sorge, Volker",
  title="{Isabelle/jEdit} -- A Prover {IDE} within the {PIDE} Framework",
  booktitle="Intelligent Computer Mathematics",
  year="2012",
  publisher="Springer",
  address="Berlin, Heidelberg",
  pages="468--471",
  isbn="978-3-642-31374-5",
  doi="10.1007/978-3-642-31374-5_38",
}

@Inproceedings{Wenzel2014,
author="Wenzel, Makarius",
SKIPeditor="Klein, Gerwin
and Gamboa, Ruben",
title="Asynchronous User Interaction and Tool Integration in {Isabelle/PIDE}",
bookTitle="Interactive Theorem Proving: 5th International Conference, ITP 2014, Held as Part of the Vienna Summer of Logic, VSL 2014, Vienna, Austria, July 14-17, 2014. Proceedings",
year="2014",
publisher="Springer International Publishing",
address="Cham",
pages="515--530",
isbn="978-3-319-08970-6",
doi="10.1007/978-3-319-08970-6_33",
SKIPurl="http://dx.doi.org/10.1007/978-3-319-08970-6_33",
}

@Inproceedings{Paraskevopoulou2015,
author="Paraskevopoulou, Zoe
and Hrit{\c{c}}u, C{\u{a}}t{\u{a}}lin
and D{\'e}n{\`e}s, Maxime
and Lampropoulos, Leonidas
and Pierce, Benjamin C.",
SKIPeditor="Urban, Christian
and Zhang, Xingyuan",
title="Foundational Property-Based Testing",
bookTitle="Interactive Theorem Proving: 6th International Conference, ITP 2015, Nanjing, China, August 24-27, 2015, Proceedings",
year="2015",
publisher="Springer International Publishing",
address="Cham",
pages="325--343",
isbn="978-3-319-22102-1",
doi="10.1007/978-3-319-22102-1_22",
SKIPurl="http://dx.doi.org/10.1007/978-3-319-22102-1_22",
keywords = {proof-development, proof-organization},
}

@InProceedings{Ringer2019,
  author =	{Talia Ringer and Nathaniel Yazdani and John Leo and Dan Grossman},
  title =	{{Ornaments for Proof Reuse in Coq}},
  booktitle =	{10th International Conference on Interactive Theorem Proving (ITP 2019)},
  pages =	{26:1--26:19},
  series =	{Leibniz International Proceedings in Informatics (LIPIcs)},
  ISBN =	{978-3-95977-122-1},
  ISSN =	{1868-8969},
  year =	{2019},
  volume =	{141},
  editor =	{John Harrison and John O'Leary and Andrew Tolmach},
  publisher =	{Schloss Dagstuhl--Leibniz-Zentrum fuer Informatik},
  address =	{Dagstuhl, Germany},
  doi =		{10.4230/LIPIcs.ITP.2019.26},
  annote =	{Keywords: ornaments, proof reuse, proof automation}
}

@inproceedings{Komendantskaya2012,
  author    = {Ekaterina Komendantskaya and
               J{\'{o}}nathan Heras and
               Gudmund Grov},
  title     = {Machine Learning in {Proof General}: Interfacing Interfaces},
  booktitle = {Proceedings 10th International Workshop On User Interfaces for Theorem
               Provers, {UITP} 2012, Bremen, Germany, July 11th, 2012.},
  pages     = {15--41},
  year      = {2012},
  SKIPurl       = {https://dx.doi.org/10.4204/EPTCS.118.2},
  doi       = {10.4204/EPTCS.118.2},
  keywords = {proof-development},
}

@Inproceedings{Heras2013,
author="Heras, J{\'o}nathan
and Komendantskaya, Ekaterina
and Johansson, Moa
and Maclean, Ewen",
SKIPeditor="McMillan, Ken
and Middeldorp, Aart
and Voronkov, Andrei",
title="Proof-Pattern Recognition and Lemma Discovery in {ACL2}",
bookTitle="Logic for Programming, Artificial Intelligence, and Reasoning: 19th International Conference, LPAR-19, Stellenbosch, South Africa, December 14-19, 2013. Proceedings",
year="2013",
publisher="Springer",
address="Berlin, Heidelberg",
pages="389--406",
isbn="978-3-642-45221-5",
doi="10.1007/978-3-642-45221-5_27",
SKIPurl="http://dx.doi.org/10.1007/978-3-642-45221-5_27",
keywords = {proof-development},
}

@InProceedings{Aspinall2016b,
author="Aspinall, David
and Kaliszyk, Cezary",
SKIPeditor="Blanchette, Jasmin Christian
and Merz, Stephan",
title="What's in a Theorem Name?",
booktitle="Interactive Theorem Proving",
year="2016",
publisher="Springer International Publishing",
address="Cham",
pages="459--465",
isbn="978-3-319-43144-4",
doi="10.1007/978-3-319-43144-4_28",
}

@inproceedings{Nagashima2018,
 author = {Nagashima, Yutaka and He, Yilun},
 title = {{PaMpeR}: Proof Method Recommendation System for {Isabelle/HOL}},
 booktitle = {Proceedings of the International Conference on Automated Software Engineering},
 series = {ASE 2018},
 year = {2018},
 isbn = {978-1-4503-5937-5},
 location = {Montpellier, France},
 pages = {362--372},
 numpages = {11},
 SKIPurl = {http://doi.acm.org/10.1145/3238147.3238210},
 doi = {10.1145/3238147.3238210},
 acmid = {3238210},
 publisher = {ACM},
 address = {New York, NY, USA},
}

@InProceedings{Bourke12,
author="Bourke, Timothy
and Daum, Matthias
and Klein, Gerwin
and Kolanski, Rafal",
SKIPeditor="Jeuring, Johan
and Campbell, John A.
and Carette, Jacques
and Dos Reis, Gabriel
and Sojka, Petr
and Wenzel, Makarius
and Sorge, Volker",
title="Challenges and Experiences in Managing Large-Scale Proofs",
booktitle="Intelligent Computer Mathematics",
year="2012",
publisher="Springer",
address="Berlin, Heidelberg",
pages="32--48",
isbn="978-3-642-31374-5",
doi="10.1007/978-3-642-31374-5_3",
}

@misc{peacoq,
  title={PeaCoq},
  author={Robert, Valentin and Lerner, Sorin},
  year={2014-2016},
  url={http://goto.ucsd.edu/peacoq/},
  accessed={February 7th, 2019}
}

@Inproceedings{Roe2016,
author="Roe, Kenneth
and Smith, Scott",
SKIPeditor="Blanchette, Jasmin Christian
and Merz, Stephan",
title="{CoqPIE}: An {IDE} Aimed at Improving Proof Development Productivity",
bookTitle="Interactive Theorem Proving: 7th International Conference, ITP 2016, Nancy, France, August 22-25, 2016, Proceedings",
year="2016",
publisher="Springer International Publishing",
address="Cham",
pages="491--499",
isbn="978-3-319-43144-4",
doi="10.1007/978-3-319-43144-4_32",
SKIPurl="http://dx.doi.org/10.1007/978-3-319-43144-4_32",
keywords = {proof-development},
}

@inproceedings{Zhang2012,
    publisher        = {IEEE},
    isbn             = {978-1-4673-2351-2},
    author           = {Zhang, He and Klein, Gerwin and Staples, Mark and Andronick, June and Zhu, Liming and
                        Kolanski, Rafal},
    month            = jun,
    SKIPeditor           = {{Ross Jeffery, David Raffo, Ove Armbrust, Li Guo Huang}},
    year             = {2012},
    title            = {Simulation Modeling of A Large Scale Formal Verification Process},
    booktitle        = {International Conference on Software and Systems Process},
    pages            = {3--12},
    address          = {Zurich, Switzerland},
    doi = {10.1109/ICSSP.2012.6225979},
    keywords = {proof-development},
  }

@inproceedings{Andronick2012,
   publisher        = {ACM},
   author           = {Andronick, June and Jeffery, Ross and Klein, Gerwin and Kolanski, Rafal and Staples, Mark and Zhang, He and Zhu, Liming},
   month            = jun,
   year             = {2012},
   title            = {Large-Scale Formal Verification in Practice: A Process Perspective},
   booktitle        = {International Conference on Software Engineering},
   pages            = {1002--1011},
   address          = {Zurich, Switzerland},
   doi = {10.1109/ICSE.2012.6227120},
}

@inproceedings{Staples2013,
 author = {Staples, Mark and Kolanski, Rafal and Klein, Gerwin and Lewis, Corey and Andronick, June and Murray, Toby and Jeffery, Ross and Bass, Len},
 title = {Formal Specifications Better Than Function Points for Code Sizing},
 booktitle = {Proceedings of the 2013 International Conference on Software Engineering},
 series = {ICSE '13},
 year = {2013},
 isbn = {978-1-4673-3076-3},
 location = {San Francisco, CA, USA},
 pages = {1257--1260},
 numpages = {4},
 doi={10.1109/ICSE.2013.6606692},
 publisher = {IEEE Press},
 address = {Piscataway, NJ, USA},
}

@inproceedings{Staples2014,
 author = {Staples, Mark and Jeffery, Ross and Andronick, June and Murray, Toby and Klein, Gerwin and Kolanski, Rafal},
 title = {Productivity for Proof Engineering},
 booktitle = {Proceedings of the 8th ACM/IEEE International Symposium on Empirical Software Engineering and Measurement},
 series = {ESEM '14},
 year = {2014},
 isbn = {978-1-4503-2774-9},
 location = {Torino, Italy},
 pages = {15:1--15:4},
 articleno = {15},
 numpages = {4},
 SKIPurl = {http://doi.acm.org/10.1145/2652524.2652551},
 doi = {10.1145/2652524.2652551},
 acmid = {2652551},
 publisher = {ACM},
 address = {New York, NY, USA},
}

@INPROCEEDINGS{Matichuk2015,
  author={D. Matichuk and T. Murray and J. Andronick and R. Jeffery and G. Klein and M. Staples},
  booktitle={2015 IEEE/ACM 37th IEEE International Conference on Software Engineering},
  title={Empirical Study Towards a Leading Indicator for Cost of Formal Software Verification},
  year={2015},
  volume={1},
  pages={722--732},
  doi={10.1109/ICSE.2015.85},
  ISSN={0270-5257},
  month={May},
  keywords = {proof-development}
}

@article{Wiedijk2009,
	author = {Wiedijk, Freek},
	journal = {Studies in Logic, Grammar and Rhetoric},
	language = {English},
	number = {18(31)},
	pages = {137--151},
	title = {Statistics on digital libraries of mathematics},
	year = {2009},
        keywords = {proof-development},
}

@InProceedings{Aspinall2016,
author="Aspinall, David
and Kaliszyk, Cezary",
SKIPeditor="Stevens, Perdita
and W{\k{a}}sowski, Andrzej",
title="Towards Formal Proof Metrics",
booktitle="Fundamental Approaches to Software Engineering",
year="2016",
publisher="Springer",
address="Berlin, Heidelberg",
pages="325--341",
isbn="978-3-662-49665-7",
doi="10.1007/978-3-662-49665-7_19",
}

@Inproceedings{Blanchette2015,
 author="Blanchette, Jasmin Christian
 and Haslbeck, Maximilian
 and Matichuk, Daniel
 and Nipkow, Tobias",
 SKIPeditor="Kerber, Manfred
 and Carette, Jacques
 and Kaliszyk, Cezary
 and Rabe, Florian
 and Sorge, Volker",
 title="Mining the Archive of Formal Proofs",
 bookTitle="Intelligent Computer Mathematics: International Conference, CICM 2015, Washington, DC, USA, July 13-17, 2015, Proceedings.",
 year="2015",
 publisher="Springer International Publishing",
 address="Cham",
 pages="3--17",
 isbn="978-3-319-20615-8",
 doi="10.1007/978-3-319-20615-8_1",
 SKIPurl="http://dx.doi.org/10.1007/978-3-319-20615-8_1",
 keywords = {proof-development},
}

@article{proverbot9001,
  author    = {Alex Sanchez{-}Stern and
               Yousef Alhessi and
               Lawrence K. Saul and
               Sorin Lerner},
  title     = {Generating Correctness Proofs with Neural Networks},
  journal   = {CoRR},
  volume    = {abs/1907.07794},
  year      = {2019},
  url       = {http://arxiv.org/abs/1907.07794},
  archivePrefix = {arXiv},
  eprint    = {1907.07794},
  timestamp = {Tue, 23 Jul 2019 10:54:22 +0200},
  biburl    = {https://dblp.org/rec/bib/journals/corr/abs-1907-07794},
  bibsource = {dblp computer science bibliography, https://dblp.org}
}

@inproceedings{mylar,
 author = {Kersten, Mik and Murphy, Gail C.},
 title = {Mylar: A Degree-of-interest Model for IDEs},
 booktitle = {Proceedings of the 4th International Conference on Aspect-oriented Software Development},
 series = {AOSD '05},
 year = {2005},
 isbn = {1-59593-042-6},
 location = {Chicago, Illinois},
 pages = {159--168},
 numpages = {10},
 url = {http://doi.acm.org/10.1145/1052898.1052912},
 doi = {10.1145/1052898.1052912},
 acmid = {1052912},
 publisher = {ACM},
 address = {New York, NY, USA},
 keywords = {development tools, program structure, program views, software evolution, software tasks, task representation},
}
@article{ko-explore,
  title={An Exploratory Study of How Developers Seek, Relate, and Collect Relevant Information during Software Maintenance Tasks},
  author={A. J. Ko and Brad A. Myers and Michael J. Coblenz and Htet Htet Aung},
  journal={IEEE Transactions on Software Engineering},
  year={2006},
  volume={32}
}
@article{models,
title = "Models and theories of programming strategy",
journal = "International Journal of Man-Machine Studies",
volume = "39",
number = "2",
pages = "237 - 267",
year = "1993",
issn = "0020-7373",
doi = "https://doi.org/10.1006/imms.1993.1061",
url = "http://www.sciencedirect.com/science/article/pii/S0020737383710618",
author = "Simon P. Davies",
}
@inproceedings{Miraldo2017,
 author = {Miraldo, Victor Cacciari and Dagand, Pierre-\'{E}variste and Swierstra, Wouter},
 title = {Type-directed Diffing of Structured Data},
 booktitle = {Proceedings of the 2Nd ACM SIGPLAN International Workshop on Type-Driven Development},
 series = {TyDe 2017},
 year = {2017},
 isbn = {978-1-4503-5183-6},
 location = {Oxford, UK},
 pages = {2--15},
 numpages = {14},
 url = {http://doi.acm.org/10.1145/3122975.3122976},
 doi = {10.1145/3122975.3122976},
 acmid = {3122976},
 publisher = {ACM},
 address = {New York, NY, USA},
 keywords = {Agda, Datatype Generic Programming, De- pendently typed programming, Version Control},
}
@inproceedings{comprehension,
 author = {LaToza, Thomas D. and Garlan, David and Herbsleb, James D. and Myers, Brad A.},
 title = {Program Comprehension As Fact Finding},
 booktitle = {Proceedings of the the 6th Joint Meeting of the European Software Engineering Conference and the ACM SIGSOFT Symposium on The Foundations of Software Engineering},
 series = {ESEC-FSE '07},
 year = {2007},
 isbn = {978-1-59593-811-4},
 location = {Dubrovnik, Croatia},
 pages = {361--370},
 numpages = {10},
 url = {http://doi.acm.org/10.1145/1287624.1287675},
 doi = {10.1145/1287624.1287675},
 acmid = {1287675},
 publisher = {ACM},
 address = {New York, NY, USA},
 keywords = {code navigation, empirical study, expertise, program comprehension, reverse engineering, science of design},
}
@article{Robillard2004,
 author = {Robillard, Martin P. and Coelho, Wesley and Murphy, Gail C.},
 title = {How Effective Developers Investigate Source Code: An Exploratory Study},
 journal = {IEEE Trans. Softw. Eng.},
 issue_date = {December 2004},
 volume = {30},
 number = {12},
 month = dec,
 year = {2004},
 issn = {0098-5589},
 pages = {889--903},
 numpages = {15},
 url = {http://dx.doi.org/10.1109/TSE.2004.101},
 doi = {10.1109/TSE.2004.101},
 acmid = {1042417},
 publisher = {IEEE Press},
 address = {Piscataway, NJ, USA},
 keywords = {Index Terms- Software evolution, empirical software engineering, program investigation, program understanding.},
}
@article{degree-of-interest,
author = {Card, Stuart and Nation, David},
year = {2002},
month = {01},
pages = {},
title = {Degree-of-interest trees: A component of an attention-reactive user interface},
doi = {10.1145/1556262.1556300}
}
@article{fish-eye,
title = "Supporting tailorable program visualisation through literate programming and fisheye views",
journal = "Information and Software Technology",
volume = "43",
number = "13",
pages = "745 - 758",
year = "2001",
issn = "0950-5849",
doi = "https://doi.org/10.1016/S0950-5849(01)00182-3",
url = "http://www.sciencedirect.com/science/article/pii/S0950584901001823",
author = "Andy Cockburn",
keywords = "Literate programming, Documentation, Fisheye visualisation, Hypertext, Programming environments, Java",
}
@inproceedings{menus,
 author = {Findlater, Leah and McGrenere, Joanna},
 title = {A Comparison of Static, Adaptive, and Adaptable Menus},
 booktitle = {Proceedings of the SIGCHI Conference on Human Factors in Computing Systems},
 series = {CHI '04},
 year = {2004},
 isbn = {1-58113-702-8},
 location = {Vienna, Austria},
 pages = {89--96},
 numpages = {8},
 url = {http://doi.acm.org/10.1145/985692.985704},
 doi = {10.1145/985692.985704},
 acmid = {985704},
 publisher = {ACM},
 address = {New York, NY, USA},
 keywords = {adaptable interfaces, adaptive interfaces, customization, interaction techniques, menu design, user study},
}
@article{tree-comparison,
author = {Munzner, Tamara and Guimbretiere, Francois and Tasiran, Serdar and Zhang, Li and Zhou, Yunhong},
year = {2003},
month = {07},
pages = {453-462},
title = {TreeJuxtaposer: Scalable Tree Comparison Using Focus+Context with Guaranteed Visibility},
volume = {22},
journal = {ACM Trans. Graph.},
doi = {10.1145/1201775.882291}
}
@ARTICLE{code-decay,
author={S. G. {Eick} and T. L. {Graves} and A. F. {Karr} and J. S. {Marron} and A. {Mockus}},
journal={IEEE Transactions on Software Engineering},
title={Does code decay? Assessing the evidence from change management data},
year={2001},
volume={27},
number={1},
pages={1-12},
keywords={software maintenance;software metrics;management of change;statistical analysis;code decay;change management data;large software systems evolution;software measurements;risk factors;data set;telephone switching system;perfective maintenance;software maintenance;statistical analysis;Software maintenance;Software systems;Hardware;Telephony;History;Statistical analysis;Computer Society;Software measurement;Switching systems;Operating systems},
doi={10.1109/32.895984},
ISSN={},
month={Jan},}
@article{causes-of-error,
author = {Ko, Amy and Myers, Brad},
year = {2005},
month = {02},
pages = {41-84},
title = {A framework and methodology for studying the causes of software errors in programming systems},
volume = {16},
journal = {Journal of Visual Languages \& Computing},
doi = {10.1016/j.jvlc.2004.08.003}
}
@article{open-source-se,
 author = {Gonzalez-Barahona, Jesus M. and Izquierdo-Cortazar, Daniel and Squire, Megan},
 title = {Repositories with Public Data About Software Development},
 journal = {Int. J. Open Source Softw. Process.},
 issue_date = {April 2010},
 volume = {2},
 number = {2},
 month = apr,
 year = {2010},
 issn = {1942-3926},
 pages = {1--13},
 numpages = {13},
 url = {http://dx.doi.org/10.4018/jossp.2010040101},
 doi = {10.4018/jossp.2010040101},
 acmid = {2440909},
 publisher = {IGI Global},
 address = {Hershey, PA, USA},
 keywords = {Code Forges, Meta-Repositories, Project Repositories, Repository of Repositories, Software Engineering Research},
}
@Article{coqhammer,
author="Czajka, {\L}ukasz
and Kaliszyk, Cezary",
title="Hammer for Coq: Automation for Dependent Type Theory",
journal="Journal of Automated Reasoning",
year="2018",
month="Jun",
day="01",
volume="61",
number="1",
pages="423--453",
issn="1573-0670",
doi="10.1007/s10817-018-9458-4",
url="https://doi.org/10.1007/s10817-018-9458-4"
}

@misc{mcbride,
  title={Ornamental algebras, algebraic ornaments},
  author={McBride, Conor},
  url={http://plv.mpi-sws.org/plerg/papers/mcbride-ornaments-2up.pdf},
  year={2011},
  accessed={February 6th, 2019}
}

@article{dagand2014transporting,
  title={Transporting functions across ornaments},
  author={Dagand, Pierre-Evariste and McBride, Conor},
  journal={Journal of functional programming},
  volume={24},
  number={2-3},
  pages={316--383},
  year={2014},
  publisher={Cambridge University Press}
}

@article{ko2016programming,
  title={Programming with ornaments},
  author={Ko, Hsiang-Shang and Gibbons, Jeremy},
  journal={Journal of Functional Programming},
  volume={27},
  year={2016},
  publisher={Cambridge University Press}
}

@inproceedings{Dagand:2013:CTO:2591370.2591396,
 author = {Dagand, Pierre-Evariste and McBride, Conor},
 title = {A Categorical Treatment of Ornaments},
 booktitle = {Proceedings of the 2013 28th Annual ACM/IEEE Symposium on Logic in Computer Science},
 series = {LICS '13},
 year = {2013},
 isbn = {978-0-7695-5020-6},
 pages = {530--539},
 numpages = {10},
 doi = {10.1109/LICS.2013.60},
 acmid = {2591396},
 publisher = {IEEE Computer Society},
 address = {Washington, DC, USA},
 keywords = {Type theory, category theory, inductive families},
}

@article{Williams2017,
 author = {Williams, Thomas and R{\'e}my, Didier},
 title = {A Principled Approach to Ornamentation in {ML}},
 journal = {Proc. ACM Program. Lang.},
 issue_date = {January 2018},
 volume = {2},
 number = {POPL},
 month = dec,
 year = {2017},
 issn = {2475-1421},
 pages = {21:1--21:30},
 articleno = {21},
 numpages = {30},
 doi = {10.1145/3158109},
 acmid = {3158109},
 publisher = {ACM},
 address = {New York, NY, USA},
 keywords = {Dependent Types, Logical Relations, ML, Ornaments, Refactoring},
}

@article{DBLP:journals/corr/abs-1803-08150,
  author    = {Larry Diehl and
               Denis Firsov and
               Aaron Stump},
  title     = {Generic Zero-Cost Reuse for Dependent Types},
  journal   = {CoRR},
  volume    = {abs/1803.08150},
  year      = {2018},
  url       = {http://arxiv.org/abs/1803.08150},
  archivePrefix = {arXiv},
  eprint    = {1803.08150},
  timestamp = {Wed, 11 Apr 2018 11:12:46 +0200},
  biburl    = {https://dblp.org/rec/bib/journals/corr/abs-1803-08150},
  bibsource = {dblp computer science bibliography, https://dblp.org}
}

@inproceedings{cohen:hal-01414881,
  TITLE = {{A refinement-based approach to large scale reflection for algebra}},
  AUTHOR = {Cohen, Cyril and Rouhling, Damien},
  URL = {https://hal.inria.fr/hal-01414881},
  BOOKTITLE = {{JFLA 2017 - Vingt-huiti{\`e}me Journ{\'e}es Francophones des Langages Applicatifs}},
  ADDRESS = {Gourette, France},
  YEAR = {2017},
  MONTH = Jan,
  PDF = {https://hal.inria.fr/hal-01414881/file/cyrilcohen.pdf},
  HAL_ID = {hal-01414881},
  HAL_VERSION = {v1},
}

@misc{univalentparametricity,
  title={Univalent Parametricity: Proof of isequiv_adjointify in HoTT.v},
  howpublished = "\url{https://github.com/CoqHott/univalent_parametricity/blob/master/theories/HoTT.v}",
  author={Tabareau, Nicolas and Tanter, {\'E}ric and Sozeau, Matthieu},
  year={2018}
}

@inproceedings{sozeau:equations,
  author={Sozeau, Matthieu},
  editor={Kaufmann, Matt and Paulson, Lawrence C.},
  title={Equations: A Dependent Pattern-Matching Compiler},
  booktitle={Interactive Theorem Proving},
  year={2010},
  publisher={Springer Berlin Heidelberg},
  address={Berlin, Heidelberg},
  pages={419--434},
  isbn={978-3-642-14052-5}
}

@misc{gross,
  title={Coq {Github} issue \#6609: Primitive projections should be on by default},
  howpublished = "\url{https://github.com/coq/coq/issues/6609}",
  author={Gross, Jason},
  year={2018}
}

@misc{hstocoqv,
  title = {hs-to-coq},
  howpublished = "\url{https://github.com/antalsz/hs-to-coq}",
  author = {Spector-Zabusky, Antal and Breitner, Joachim and Rizkallah, Christine and Weirich, Stephanie},
  year = {2018-2019},
  note = {Accessed: 2019-03-12}
}

@misc{stdlib,
  title={The {Coq} Standard Library},
  howpublished = "\url{http://coq.inria.fr/distrib/current/stdlib}",
  author={Inria},
  note = {Accessed: 2019-03-15}
}

@misc{emiliodom,
  title = {{[Coq-Club] Dealing with equalities in dependent types}},
  howpublished = "\url{http://sympa.inria.fr/sympa/arc/coq-club/2017-01/msg00099.html}",
  note = {Accessed: 2019-03-25},
  year = {2017},
  author = {{coq-club}}
}

@misc{adamchlipala,
  title = {{[Coq-Club] Trouble with dependent induction}},
  howpublished = "\url{http://sympa.inria.fr/sympa/arc/coq-club/2017-12/msg00079.html}",
  note = {Accessed: 2019-03-25},
  year = {2017},
  author = {{coq-club}}
}

@inproceedings{ringer2018adapting,
  title={Adapting proof automation to adapt proofs},
  author={Ringer, Talia and Yazdani, Nathaniel and Leo, John and Grossman, Dan},
  booktitle={Proceedings of the 7th ACM SIGPLAN International Conference on Certified Programs and Proofs},
  pages={115--129},
  year={2018},
  organization={ACM}
}

@inproceedings{Timany2015FirstST,
  title={First Steps Towards Cumulative Inductive Types in {CIC}},
  author={Amin Timany and Bart Jacobs},
  booktitle={ICTAC},
  year={2015}
}

@article{tabareau2017equivalences,
 author = {Tabareau, Nicolas and Tanter, \'{E}ric and Sozeau, Matthieu},
 title = {Equivalences for Free: Univalent Parametricity for Effective Transport},
 journal = {Proc. ACM Program. Lang.},
 issue_date = {September 2018},
 volume = {2},
 number = {ICFP},
 month = jul,
 year = {2018},
 issn = {2475-1421},
 pages = {92:1--92:29},
 articleno = {92},
 numpages = {29},
 url = {http://doi.acm.org/10.1145/3236787},
 doi = {10.1145/3236787},
 acmid = {3236787},
 publisher = {ACM},
 address = {New York, NY, USA},
 keywords = {Coq, Homotopy Type Theory, Parametricity, Type Equivalence},
} 

@misc{jaspertransfter,
  title={Transfer Indexed Parameter},
  author={Jasper Hugunin},
  year={2018},
  url={https://github.com/jashug/MiscTypeTheory/blob/master/Transfer_Indexed_Parameter.v}
}

@article{dagand2017essence,
  title={The essence of ornaments},
  author={Dagand, Pierre-{\'E}variste},
  journal={Journal of Functional Programming},
  volume={27},
  year={2017},
  publisher={Cambridge University Press}
}

@inproceedings{ko2013relational,
  title={Relational algebraic ornaments},
  author={Ko, Hsiang-Shang and Gibbons, Jeremy},
  booktitle={Proceedings of the 2013 ACM SIGPLAN workshop on Dependently-typed programming},
  pages={37--48},
  year={2013},
  organization={ACM}
}

@inproceedings{magaud2000changing,
  title={Changing data structures in type theory: A study of natural numbers},
  author={Magaud, Nicolas and Bertot, Yves},
  booktitle={International Workshop on Types for Proofs and Programs},
  pages={181--196},
  year={2000},
  organization={Springer}
}

@inproceedings{barthe2001type,
  title={Type isomorphisms and proof reuse in dependent type theory},
  author={Barthe, Gilles and Pons, Olivier},
  booktitle={International Conference on Foundations of Software Science and Computation Structures},
  pages={57--71},
  year={2001},
  organization={Springer}
}

@inproceedings{magaud2003changing,
  title={Changing data representation within the {Coq} system},
  author={Magaud, Nicolas},
  booktitle={International Conference on Theorem Proving in Higher Order Logics},
  pages={87--102},
  year={2003},
  organization={Springer}
}

@article{zimmermann2015automatic,
  title={Automatic and transparent transfer of theorems along isomorphisms in the {Coq} proof assistant},
  author={Zimmermann, Theo and Herbelin, Hugo},
  journal={arXiv preprint arXiv:1505.05028},
  year={2015}
}

@inproceedings{huffman2013lifting,
  title={Lifting and {Transfer}: A modular design for quotients in {Isabelle/HOL}},
  author={Huffman, Brian and Kun{\v{c}}ar, Ond{\v{r}}ej},
  booktitle={International Conference on Certified Programs and Proofs},
  pages={131--146},
  year={2013},
  organization={Springer}
}

@book{univalent2013homotopy,
  author =    {The {Univalent Foundations Program}},
  title =     {Homotopy Type Theory: Univalent Foundations of Mathematics},
  publisher = {\url{https://homotopytypetheory.org/book}},
  address =   {Institute for Advanced Study},
  year =      {2013}
}

@article{cohen2016cubical,
  title={Cubical type theory: a constructive interpretation of the univalence axiom},
  author={Cohen, Cyril and Coquand, Thierry and Huber, Simon and M{\"o}rtberg, Anders},
  journal={arXiv preprint arXiv:1611.02108},
  year={2016}
}

@inproceedings{felty1994generalization,
  title={Generalization and reuse of tactic proofs},
  author={Felty, Amy and Howe, Douglas},
  booktitle={International Conference on Logic for Programming Artificial Intelligence and Reasoning},
  pages={1--15},
  year={1994},
  organization={Springer}
}

@inproceedings{Reynolds1983TypesAA,
  title={Types, Abstraction and Parametric Polymorphism},
  author={John C. Reynolds},
  booktitle={IFIP Congress},
  year={1983}
}

@article{bernardy2012proofs,
author = {Bernardy, Jean-Philippe and Jansson, Patrik and Paterson, Ross},
year = {2012},
month = {03},
pages = {107-152},
title = {Proofs for free: Parametricity for dependent types},
volume = {22},
journal = {Journal of Functional Programming},
doi = {10.1017/S0956796812000056}
}

@inproceedings{caplan1995logical,
  title={A logical framework for software proof reuse},
  author={Caplan, Joshua E. and Harandi, Mehdi T.},
  booktitle={ACM SIGSOFT Software Engineering Notes},
  volume={20},
  number={SI},
  pages={106--113},
  year={1995},
  organization={ACM}
}

@inproceedings{aydemir2005mechanized,
  title={Mechanized metatheory for the masses: the PoplMark challenge},
  author={Aydemir, Brian E and Bohannon, Aaron and Fairbairn, Matthew and Foster, J Nathan and Pierce, Benjamin C and Sewell, Peter and Vytiniotis, Dimitrios and Washburn, Geoffrey and Weirich, Stephanie and Zdancewic, Steve},
  booktitle={International Conference on Theorem Proving in Higher Order Logics},
  pages={50--65},
  year={2005},
  organization={Springer}
}

@inproceedings{Delaware:2013:MLC:2429069.2429094,
 author = {Delaware, Benjamin and d. S. Oliveira, Bruno C. and Schrijvers, Tom},
 title = {Meta-theory \`{a} La Carte},
 booktitle = {Proceedings of the 40th Annual ACM SIGPLAN-SIGACT Symposium on Principles of Programming Languages},
 series = {POPL '13},
 year = {2013},
 isbn = {978-1-4503-1832-7},
 location = {Rome, Italy},
 pages = {207--218},
 numpages = {12},
 doi = {10.1145/2429069.2429094},
 acmid = {2429094},
 publisher = {ACM},
 address = {New York, NY, USA},
 keywords = {coq, extensible church encodings, modular mechanized meta-theory},
}

@inproceedings{Delaware:2011:PLT:2048066.2048113,
 author = {Delaware, Benjamin and Cook, William and Batory, Don},
 title = {Product Lines of Theorems},
 booktitle = {Proceedings of the 2011 ACM International Conference on Object Oriented Programming Systems Languages and Applications},
 series = {OOPSLA '11},
 year = {2011},
 isbn = {978-1-4503-0940-0},
 location = {Portland, Oregon, USA},
 pages = {595--608},
 numpages = {14},
 doi = {10.1145/2048066.2048113},
 acmid = {2048113},
 publisher = {ACM},
 address = {New York, NY, USA},
 keywords = {feature-orientation, mechanized metatheory, product line verification},
} 

@inproceedings{johnsen2004theorem,
  title={Theorem reuse by proof term transformation},
  author={Johnsen, Einar Broch and L{\"u}th, Christoph},
  booktitle={International Conference on Theorem Proving in Higher Order Logics},
  pages={152--167},
  year={2004},
  organization={Springer}
}

@inproceedings{pons2000generalization,
  title={Generalization in type theory based proof assistants},
  author={Pons, Olivier},
  booktitle={International Workshop on Types for Proofs and Programs},
  pages={217--232},
  year={2000},
  organization={Springer}
}

@inproceedings{McDonell:2016:GTS:2951913.2951914,
 author = {McDonell, Trevor L. and Zakian, Timothy A. K. and Cimini, Matteo and Newton, Ryan R.},
 title = {Ghostbuster: A Tool for Simplifying and Converting {GADTs}},
 booktitle = {Proceedings of the 21st ACM SIGPLAN International Conference on Functional Programming},
 series = {ICFP 2016},
 year = {2016},
 isbn = {978-1-4503-4219-3},
 location = {Nara, Japan},
 pages = {338--350},
 numpages = {13},
 doi = {10.1145/2951913.2951914},
 acmid = {2951914},
 publisher = {ACM},
 address = {New York, NY, USA},
 keywords = {Datatypes, GADTs, Haskell},
}

@article{miltner2017synthesizing,
  title={Synthesizing bijective lenses},
  author={Miltner, Anders and Fisher, Kathleen and Pierce, Benjamin C and Walker, David and Zdancewic, Steve},
  journal={Proceedings of the ACM on Programming Languages},
  volume={2},
  number={POPL},
  pages={1},
  year={2017},
  publisher={ACM}
}

@inproceedings{Chapman:2010:GAL:1863543.1863547,
 author = {Chapman, James and Dagand, Pierre-\'{E}variste and McBride, Conor and Morris, Peter},
 title = {The Gentle Art of Levitation},
 booktitle = {Proceedings of the 15th ACM SIGPLAN International Conference on Functional Programming},
 series = {ICFP '10},
 year = {2010},
 isbn = {978-1-60558-794-3},
 location = {Baltimore, Maryland, USA},
 pages = {3--14},
 numpages = {12},
 doi = {10.1145/1863543.1863547},
 acmid = {1863547},
 publisher = {ACM},
 address = {New York, NY, USA},
 keywords = {data structure, metaprogramming, monads, proof assistants, type systems},
}

@phdthesis{boutillier:tel-01054723,
  TITLE = {{New tool to compute with inductive in Coq}},
  AUTHOR = {Boutillier, Pierre},
  URL = {https://tel.archives-ouvertes.fr/tel-01054723},
  SCHOOL = {{Universit{\'e} Paris-Diderot - Paris VII}},
  YEAR = {2014},
  MONTH = Feb,
  KEYWORDS = {Coq (software) ; Proof assistant ; Induction (logic) ; Pattern-matching ; Coq (logiciel) ; Assistants de preuve ; Langages de programmation -- S{\'e}mantique ; Induction (logique) ; filtrage},
  TYPE = {Theses},
  PDF = {https://tel.archives-ouvertes.fr/tel-01054723/file/these_boutillier.pdf},
  HAL_ID = {tel-01054723},
  HAL_VERSION = {v1},
}


